2834 4300
401 622 712 708 Lurconem
738 606 913 708 mul.
976 643 1025 717 13

374 787 474 851 Undis,
491 785 689 854 Erythraeoque,
707 783 734 835 &
748 783 802 838 alto

412 883 485 934 lonio
503 881 647 949 Arabioque
664 879 774 946 ploret?

336 978 404 1035 Vani
420 978 498 1030 futuri
513 976 633 1044 temporis
649 992 755 1044 augures

335 1076 453 1130 fecunda
470 1091 553 1126 rerum
568 1073 650 1124 secula
667 1072 798 1126 discimure

375 1175 402 1225 Si
419 1191 470 1224 non
485 1171 644 1223 retraclamus
660 1170 728 1222 fideli

410 1270 475 1321 Tela
493 1287 584 1334 manu,
601 1270 728 1336 tacitoque
744 1268 836 1338 gaudet

331 1369 435 1439 ‚Vagina
452 1368 541 1426 ferr03
555 1367 573 1418 fi
587 1367 671 1436 clypei
687 1377 792 1430 vacant,

335 1464 486 1533 Hastaeque,
501 1464 528 1516 &
542 1479 622 1517 arcus.
638 1463 697 1513 Non
713 1463 786 1513 animi
801 1465 901 1530 placent

374 1561 446 1615 Parci
461 1562 594 1618 laborum,
613 1575 664 1610 uon
681 1558 799 1626 magistre

412 1654 539 1717 Concilil,
554 1652 603 1704 line
619 1655 724 1715 Marte,
738 1657 838 1725 lingue.
916 1678 920 1685 ·

336 1749 433 1803 Frustra
447 1752 605 1805 Novembres
621 1752 721 1803 dicimus
738 1753 769 1804 ad
782 1753 855 1808 iocos

335 1847 448 1917 Pugnate
463 1847 540 1899 Ratis
557 1849 623 1899 bella
637 1848 679 1900 sub
695 1849 816 1916 Alpibure

374 1942 470 1995 Frustra
485 1956 636 1996 renarramus
653 1944 780 1997 Gelonum

410 2039 494 2091 Versa
510 2050 578 2092 retro
597 2039 707 2091 retulisse
722 2042 809 2111 figna:

337 2134 366 2189 Si
383 2154 433 2188 non
447 2136 474 2188 &
490 2136 533 2204 ipl
548 2136 665 2207 stringere
680 2140 793 2194 Noricos

336 2233 462 2287 Audemus
478 2235 548 2287 enses
565 2252 572 2285 z
589 2254 651 2303 quos
668 2236 731 2289 male
748 2239 851 2290 barbara
890 2243 892 2250 '

372 2332 432 2384 Non
448 2334 626 2383 decoloravere
643 2344 735 2403 terga,

410 2430 460 2480 Sed
475 2431 554 2498 Tyrio
570 2431 664 2481 Latiale
681 2432 741 2482 fuco

334 2525 422 2579 lllevit
438 2545 539 2588 aurum,
555 2545 605 2577 non
618 2526 668 2577 sine
683 2544 798 2595 gemmeo

335 2621 548 2676 Circumlonantis
567 2624 664 2692 fulgure
680 2626 795 2688 balthei,
814 2624 840 2677 δι

373 2719 454 2771 Grato
470 2732 610 2772 catenarum
628 2725 753 2788 tumultu,

411 2817 443 2867 Er
459 2816 540 2868 sonitu
558 2819 713 2885 phalerarum
730 2830 817 2875 acurm

335 2912 453 2963 formosa
467 2914 546 2966 fortes
564 2934 629 2967 arma
647 2918 736 2967 timent
750 2917 840 2980 viros,'

334 3008 473 3077 frangique
488 3013 595 3075 nolent,
610 3013 652 3062 seu
666 3016 787 3084 profugus
800 3014 924 3083 Scythes,

371 3104 421 3157 Seu
438 3109 525 3157 creber
543 3124 557 3157 e
575 3109 665 3174 campis
683 3124 771 3177 agetur

407 3202 594 3271 Myrmidonum
607 3206 787 3276 Dolopumque
803 3208 909 3263 nimbus.
