2834 4300
406 658 709 748 Lrnrconvrn
738 659 843 750 Lan.
874 660 939 751 II.
986 676 1090 774 ¹91'

299 822 342 905 ⁸Et
357 824 442 896 Belga
459 826 586 886 carolos,
602 825 627 878 3<
643 826 749 878 Lecbica
764 843 841 897 regna
858 827 1009 895 Cafirniroe,

344 923 483 992 Novosque
499 923 585 976 Dacus
602 924 679 975 debet
696 925 847 978 Emericost

308 1018 400 1072 Ferrea
418 1021 554 1088 paciferum
570 1021 611 1090 qui
628 1021 712 1072 secula
725 1022 839 1093 digerant
854 1022 879 1074 in
897 1041 1001 1091 aurum,

344 1118 484 1187 Mundique
500 1136 591 1186 pronas
610 1118 713 1170 fulciant
731 1119 833 1180 ruinas;

299 1198 340 1266 'Et
351 1215 441 1268 Tiberi
453 1215 578 1286 Gangen,
592 1215 739 1284 &Gadibus
750 1216 855 1271 afferant
865 1217 999 1288 Hydaspen
1009 1217 1025 1282 ‚²
1032 1268 1037 1276 .

343 1313 378 1364 Et
392 1331 470 1384 regna
486 1315 567 1382 prinae
580 1314 697 1365 differant
711 1315 778 1369 Euo.

306 1411 425 1484 Quorum
436 1411 525 1481 {ponte
538 1413 619 1465 tiuene
631 1413 674 1464 sub
687 1413 782 1465 foedera
793 1413 904 1466 militaria
915 1413 996 1482 Ister,

341 1509 452 1578 Runpat
469 1521 572 1562 tenaces
586 1511 700 1578 Bosporo
718 1522 829 1562 catenat.

305 1609 378 1675 Quos
394 1625 476 1677 neque
492 1583 611 1662 fulminei
626 1611 657 1661 de
673 1609 781 1676 pesteris
798 1609 925 1662 emovebit
941 1627 997 1673 arce

341 1706 419 1759 Inane
436 1706 507 1776 regni
524 1723 688 1774 purpuraeque
706 1706 811 1776 fulgur,

304 1803 360 1854 Nec
374 1803 484 1867 solium,
500 1819 547 1854 nee
563 1821 617 1872 quae
633 1819 717 1855 manue
730 1803 898 1871 imperiosiore
914 1804 1014 1873 seeptro

340 1900 438 1954 Moesta
455 1902 561 1953 minatur
578 1902 712 1969 annuitque
729 1902 806 1969 plebi.
839 1938 844 1949 ..

303 1982 442 2050 Haec‘adeb
460 1999 528 2068 longi
543 1995 598 2048 curn
616 2000 733 2067 perleget
750 1997 796 2049 otii
813 1996 939 2065 sequester

339 2094 535 2159 URSINUS,
554 2096 611 2145 almi
629 2097 705 2162 prima
724 2113 780 2146 cura
798 2095 905 2157 Phoebi,

302 2192 424 2244 Tristibus
442 2194 553 2263 ignotum
569 2205 595 2243 te
615 2211 664 2244 non
681 2193 742 2245 sinet
756 2195 854 2245 immori
870 2193 1002 2247 tenebrisa

339 2292 390 2342 Sed
408 2302 433 2342 te
451 2293 534 2343 futuro
555 2292 709 2344 consecrabit
727 2310 804 2354 aevo,

301 2388 435 2453 Temporis
448 2387 569 2456 egressum
581 2389 685 2439 ludibria
695 2423 705 2447 ,
716 2387 875 2456 turbinesque
886 2424 894 2451 ,
907 2402 989 2438 terum
1000 2420 1009 2447 ,
1023 2386 1049 2439 &

339 2483 473 2554 Caliginosr
489 2486 552 2538 sarva
567 2485 622 2554 jura
637 2485 703 2541 Leti.

581 2746 761 2891 Q
