2834 4300
384 636 688 724 4λ’,γιιιιτοιιυινι
721 640 826 726 Lrn.
854 642 917 728 II.
980 602 1039 754 ⁶9

335 800 447 853 Laudem
464 802 532 855 casus
547 803 631 855 habet.
648 803 718 854 Nam'
729 802 797 855 fimul
812 804 890 859 abniti

298 898 397 952 Nostris
416 899 504 951 Gloria
521 898 649 968 postibus,

338 995 451 1064 Obliquo
468 996 578 1066 refugam
596 997 688 1049 lumine
704 995 820 1066 figimus:

299 1093 334 1144 Et
347 1095 397 1144 laeti
411 1092 495 1156 mali,
515 1093 591 1144 serias

337 1190 437 1241 Laudes
453 1207 504 1242 non
520 1189 592 1241 hilari
608 1189 742 1242 deterimur
758 1189 828 1260 joco.

300 1285 338 1338 At
355 1298 383 1336 ιιι
400 1287 439 1337 cui
457 1286 558 1353 placitas
576 1304 648 1338 manu
712 1330 715 1335 .

339 1381 423 1433 Pulsat
438 1383 510 1432 Fama
524 1383 611 1446 furca,
629 1393 719 1435 excute
735 1395 763 1434 te
778 1394 858 1450 toro,

302 1479 448 1546 Mensaque
464 1479 589 1546 &patriis
606 1478 689 1530 focis:

340 1575 373 1625 Et
389 1591 541 1643 quacumque
559 1575 627 1644 sequi
644 1574 757 1642 jusserit,
778 1579 874 1640 emim,

302 1673 494 1740 Ducentemque
511 1675 571 1739 praei
588 1689 689 1741 :neque

340 1769 435 1822 Praeter
450 1770 569 1822 succiduis
583 1769 685 1838 paffibus
700 1773 807 1826 ambula.

302 1867 371 1919 Mox
385 1868 444 1918 hinc
461 1867 610 1928 Caucason,
627 1870 683 1920 hinc
701 1870 788 1920 Athon

341 1964 430 2016 Victor
445 1966 568 2033 belligero
587 1967 707 2032 corripies
726 1966 811 2034 gradu.

302 2061 378 2112 Tunc
394 2078 448 2127 quae
469 2063 571 2110 maxima
588 2062 712 2112 fluminum
726 2102 734 2124 ,

343 2159 395 2209 Seu
410 2176 464 2208 cum
482 2161 543 2211 Sole
561 2159 634 2211 sacris
651 2161 762 2211 fontibus
779 2170 892 2224 exeunt,
965 2202 968 2207 .

304 2256 358 2309 Seu
375 2273 430 2306 cum
448 2256 507 2307 Sole
526 2256 633 2320 cadunt,
651 2256 712 2305 nihil

342 2352 468 2419 Indignata
485 2354 520 2402 tui
537 2353 632 2419 sceptra
649 2352 691 2401 sub
707 2349 799 2417 Imperi

304 2448 370 2498 Leni
388 2463 449 2514 pace
465 2449 543 2498 fluent
559 2466 566 2499 z
583 2448 651 2498 suum

343 2545 456 2598 Volvent
473 2545 557 2599 cunua
575 2546 624 2595 tuis
641 2546 666 2595 in
682 2545 791 2600 manibus
808 2545 884 2600 diemi

304 2642 360 2694 Cur
379 2653 436 2692 tunc
452 2643 482 2692 ad
497 2644 590 2708 patrios
607 2659 655 2710 ego

345 2738 450 2789 Cantem
466 2740 531 2789 bella
549 2739 641 2802 focos,
660 2738 762 2807 segnis,
779 2738 949 2792 &immemor
998 2789 1001 2794 .
1050 2791 1056 2801 ,

304 2836 388 2889 Sacrae
405 2837 530 2903 transfuga
546 2834 663 2891 Gloriae?

346 2935 398 2984 Cur
415 2950 465 2983 non
484 2946 510 2983 te
528 2930 611 3000 potius
631 2931 746 2995 Graecia,
762 2933 889 2983 barbarum

305 3028 363 3080 Cur
382 3041 455 3080 exuta
473 3029 557 3098 jugum
573 3030 697 3092 Rhodos,

343 3127 427 3181 Visam
443 3145 493 3178 non
510 3128 603 3195 pauidis
621 3129 703 3181 navita
719 3124 864 3199 puppibus?
944 3183 946 3186 ,

304 3224 361 3278 Iam
378 3242 443 3277 nunc
459 3239 562 3293 carpere
578 3224 674 3294 libero.
745 3279 749 3284 ,
771 3268 773 3276 .
798 3276 803 3284 ,
