2834 4300
403 624 713 715 Lyricorum
742 630 850 720 Lm.
880 631 920 720 I.
984 666 1045 741 17.

345 790 381 844 Et
398 808 535 860 quanquam
553 763 650 844 raditur
665 793 750 859 levir,

384 888 445 939 Sese
465 899 518 940 tota
536 888 583 939 suis
600 889 711 941 laudibus
724 890 830 945 invidet.

344 984 452 1053 Magnas
469 985 566 1036 interea
582 988 647 1053 rapit

386 1081 516 1149 Urbesque
532 1083 558 1135 δι
573 1086 700 1151 populos,
717 1084 745 1138 dt
758 1084 892 1138 miserabili

342 1184 431 1253 Reges
446 1182 540 1234 subruit
555 1181 657 1248 impetu.

382 1282 415 1333 Et
425 1279 516 1347 sceptri
525 1278 618 1341 decus¹
628 1278 654 1330 ἃ
664 1294 741 1349 tegna
749 1280 889 1334 cadentium

344 1378 481 1431 Permiscet
497 1377 574 1429 cineri
592 1377 701 1438 ducum,

381 1476 536 1544 Auratasque
554 1477 656 1538 trabes,
670 1475 697 1527 δι
712 1472 869 1543 penetralia,

342 1573 378 1625 Et
393 1572 463 1624 cives
476 1610 485 1636 ,
499 1571 567 1623 fimul
583 1572 610 1623 ἃ
624 1572 697 1638 super

380 1667 477 1721 Everfis
493 1642 586 1736 sepelit
598 1670 706 1720 turribus
722 1668 824 1736 oppida.

341 1765 382 1818 Ac
399 1767 481 1818 mundi
498 1768 585 1833 procul
600 1766 687 1818 arduas

381 1861 691 1930 stragesque&cumulor‚
698 1879 727 1915 ac
735 1862 868 1915 Procerum
877 1877 950 1931 pyras

341 1959 414 2013 resta
433 1963 497 2010 nube
515 1960 677 2026 supervolat5

380 2058 561 2124 stellarumque
574 2067 654 2106 rotam
665 2091 673 2115 ‚
689 2055 715 2106 ἃ
725 2057 799 2125 longa
809 2056 949 2108 brevissimo

344 2156 425 2207 Cutlu
442 2157 523 2206 secula
539 2156 652 2221 corripit.

381 2252 446 2301 Dum
464 2251 536 2301 nobis
552 2250 620 2299 taciti
635 2249 765 2319 diffugiunt
779 2250 842 2302 Dies

340 2348 414 2399 Eheu
432 2346 438 2396 !
455 2346 655 2408 TELEPHE,
673 2346 797 2407 ludimur,

378 2444 494 2493 Fatorum
509 2442 593 2507 rapidi
608 2442 713 2491 ludimur
728 2441 819 2494 orbiti.

339 2537 382 2590 An
398 2555 444 2589 nos
460 2536 589 2588 fallimur?
607 2556 637 2587 an
655 2538 720 2588 suam

376 2634 471 2686 Rerum
481 2635 585 2701 pulcher
595 2636 671 2686 habet
681 2638 764 2687 vultus
775 2636 926 2706 imaginem?

339 2733 375 2784 Et
389 2732 446 2783 sunt
461 2750 532 2799 quae,
550 2731 627 2782 LYC
637 2735 675 2797 E,
694 2733 839 2788 cernimus?

377 2829 419 2879 An
434 2839 538 2895 peccant
553 2829 626 2879 fatuis
643 2831 733 2881 lumina
749 2828 894 2898 palpebris,

340 2927 374 2978 Et
389 2927 493 2977 mendax
510 2928 577 2979 oculi
593 2927 709 2979 vitrum?

377 3021 419 3073 Au
434 3023 503 3094 longi
519 3024 623 3078 trahitur
639 3024 720 3077 fabula
737 3023 848 3079 somnii?
